<record><leader>00000cas a22000007a 4500</leader><controlfield tag="001">13555809</controlfield><controlfield tag="008">860512d19611975mtucr ne      0    0eng d</controlfield><datafield ind1=" " ind2=" " tag="010"><subfield code="a">sn 86075155 </subfield></datafield><datafield ind1=" " ind2=" " tag="040"><subfield code="a">MTL</subfield><subfield code="b">eng</subfield><subfield code="c">MTL</subfield><subfield code="d">OCLCQ</subfield></datafield><datafield ind1=" " ind2=" " tag="042"><subfield code="a">msc</subfield></datafield><datafield ind1="0" ind2="0" tag="245"><subfield code="a">Ranger-review.</subfield></datafield><datafield ind1=" " ind2=" " tag="260"><subfield code="a">Glendive, Mont. :</subfield><subfield code="b">F.J. Burke,</subfield><subfield code="c">1961-1975.</subfield></datafield><datafield ind1=" " ind2=" " tag="300"><subfield code="a">14 v. :</subfield><subfield code="b">ill. ;</subfield><subfield code="c">56 cm.</subfield></datafield><datafield ind1=" " ind2=" " tag="310"><subfield code="a">Semiweekly</subfield></datafield><datafield ind1="0" ind2=" " tag="362"><subfield code="a">Vol. 1, no. 1 (Apr. 6, 1961)-v. 14, no. 68 (Nov. 13, 1975).</subfield></datafield><datafield ind1=" " ind2=" " tag="752"><subfield code="a">United States</subfield><subfield code="b">Montana</subfield><subfield code="c">Dawson</subfield><subfield code="d">Glendive.</subfield></datafield><datafield ind1="0" ind2="0" tag="780"><subfield code="t">Glendive ranger</subfield><subfield code="w">(DLC)sn 86075156</subfield></datafield><datafield ind1="0" ind2="0" tag="785"><subfield code="t">Glendive ranger-review</subfield><subfield code="w">(DLC)sn 86075154</subfield></datafield></record>